@incollection{franco2013improving,
  title={Improving the LTI-USP Team: A New JaCaMo Based MAS for the MAPC 2013},
  author={Franco, Mariana Ramos and Sichman, Jaime Sim{\~a}o},
  booktitle={Engineering Multi-Agent Systems},
  pages={339--348},
  year={2013},
  publisher={Springer}
}
